@ARTICLE{1998ken,
	author = {Kennicutt, Jr., R.~C.},
	title = "{Star Formation in Galaxies Along the Hubble Sequence}",
	journal = {Annual Review of Astronomy and Astrophysics},
	eprint = {astro-ph/9807187},
	year = 1998,
	volume = 36,
	pages = {189-232},
	doi = {10.1146/annurev.astro.36.1.189},
	adsurl = {http://adsabs.harvard.edu/abs/1998ARA%26A..36..189K},
	adsnote = {Provided by the SAO/NASA Astrophysics Data System}
}

@article{saf,
	doi	= {},
	author = {Daf},
	title = {Safis},
	publisher	= {FURG},
	journal	= {Jornal da Safis},
	year	= {2017},
	volume	= {37},
	issue	= {12},
}



@book{b1,
	resid = {15211},
	location =     {15000/d131e28a0b9bf42d5e531108412816be},
	status =    {OK},
	subject = {Physics Astronomy: Astrophysics },
	title =      {Joint evolution of black holes and galaxies},
	author =      {M. Colpi and V. Gorini and F. Haardt and U. Moschella},
	isbn = {},
	edition = {},
	volume =    {},
	md5 = {D131E28A0B9BF42D5E531108412816BE},
	url =     {15000/d131e28a0b9bf42d5e531108412816be},
}
