@misc{latex_lucatelli,
	Author = {Lucatelli, Geferson and Ramos, Lauffer Gabriel and Becker, Marcelo Vinícius},
	Institution = {Universidade Federal do Rio Grande},
	Howpublished = {Curso de curta duração},
	Year = {2016},
	Title = {Minicurso LaTeX}
}

@misc{miller2015_a,
	Author = {Lees-Miller, D. John},
	Institution = {University of Bristol},
	Howpublished = {Curso Online},
	Year = {2015},
	Title = {An Interactive Introduction to Latex, Part 1: The Basics}
}

@misc{miller2015_b,
	Author = {Lees-Miller, D. John},
	Institution = {University of Bristol},
	Howpublished = {Curso Online},
	Year = {2015},
	Title = {An Interactive Introduction to Latex, Part 2: Structured Documents \& More}
}

@misc{miller2015_c,
	Author = {Lees-Miller, D. John},
	Institution = {University of Bristol},
	Howpublished = {Curso Online},
	Year = {2015},
	Title = {An Interactive Introduction to Latex, Part 3: Not Just Papers, Presentations \& More}
}


@misc{overleaf,
	author = {Overleaf},
	title = {{Real-time Collaborative Writing and Publishing Tools with Integrated PDF Preview}},
	howpublished = "\url{https://www.overleaf.com/latex/templates/}",
	year = {2017}, 
	note = "[Online]"
}

@misc{tex_s_e,
	author = {{Stack Exchange}},
	title = {},
	howpublished = "\url{https://tex.stackexchange.com/}",
	year = {2017}, 
	note = "[Online]"
}

@misc{google,
	author = {{Google}},
	title = {},
	howpublished = "\url{https://www.google.com}",
	year = {2017}, 
	note = "[Online]"
}


@misc{wikibooks,
	author = {{Wikibooks}},
	title = {LaTeX},
	howpublished = "\url{https://en.wikibooks.org/wiki/LaTeX}",
	year = {2016}, 
	note = "[Online]"
}